@book{einstein,
	Author = {Albert Einstein and Leopold Infeld},
	Address = {Cambridge},
	Edition = {1},
	Publisher = {Cambridge University Press},
	Title = {A Evolução da Física},
	Year = {1938}}

@book{turing,
	Author = {Alan Turing},
	Title = {On Computable Numbers, with an Application to the Entscheidungsproblem},
	Year = {1936}}
	
@book{neumann,
	Author = {John Von Neumann},
	Address = {São Paulo},
	Edition = {1},
	Publisher = {Relogio D'agua},
	Title = {O Computador e o Cérebro},
	Year = {1958}}